@article{Charmed-nucleon,
	title={Charmed baryon–nucleon interaction},
	volume={79},
	ISSN={1434-6052},
	url={http://dx.doi.org/10.1140/epjc/s10052-019-7110-z},
	DOI={10.1140/epjc/s10052-019-7110-z},
	number={7},
	journal={The European Physical Journal C},
	publisher={Springer Science and Business Media LLC},
	author={Garcilazo, H. and Valcarce, A. and Caramés, T. F.},
	year={2019},
	month=jul }

@thesis{Herrmann:2920632,
	author        = "Herrmann, Sarah",
	title         = "{Measurements of forward charged-particle multiplicity and
	multiplicity dependence of forward J/ψ production in pp
	collisions with the ALICE experiment at LHC}",
	school        = "U. Lyon 1, IUT",
	year          = "2024",
	url           = "https://cds.cern.ch/record/2920632",
	note          = "Presented 24 Oct 2024",
}

@thesis{Arata:2922803,
	author        = "Arata, Carolina",
	title         = "{Measurement of isolated photon-hadron correlations in
	Pb–Pb collisions at 5.02 TeV with the ALICE experiment at
	LHC}",
	school        = "U. Grenoble Alpes",
	year          = "2024",
	url           = "https://cds.cern.ch/record/2922803",
	note          = "Presented 08 Oct 2024",
}


@thesis{Padhan:2924203,
	author        = "Padhan, Sonali",
	title         = "{Multiplicity and energy dependence of Λ(1520) production
	in pp collisions at √s = 5.02 and 13 TeV with ALICE at
	the LHC}",
	school        = "Indian Inst. Tech., Mumbai",
	year          = "2025",
	url           = "https://cds.cern.ch/record/2924203",
	note          = "Presented 29 Jan 2025",
}

@thesis{Cheng:2908766,
	author        = "Cheng, Tiantian",
	title         = "{Measurements of charm-strange baryon production with
	ALICE at the LHC}",
	school        = "Hua-Zhong Normal U.",
	year          = "2024",
	url           = "https://cds.cern.ch/record/2908766",
	note          = "Presented 27 May 2024",
}

@article{MIYAMOTO2018113,
	title = {ΛcN interaction from lattice QCD and its application to Λc hypernuclei},
	journal = {Nuclear Physics A},
	volume = {971},
	pages = {113-129},
	year = {2018},
	issn = {0375-9474},
	doi = {https://doi.org/10.1016/j.nuclphysa.2018.01.015},
	url = {https://www.sciencedirect.com/science/article/pii/S0375947418300228},
	author = {Takaya Miyamoto and Sinya Aoki and Takumi Doi and Shinya Gongyo and Tetsuo Hatsuda and Yoichi Ikeda and Takashi Inoue and Takumi Iritani and Noriyoshi Ishii and Daisuke Kawai and Keiko Murano and Hidekatsu Nemura and Kenji Sasaki},
	keywords = {Charmed baryon interaction, Charmed hypernuclei, Lattice QCD},
	abstract = {The interaction between Λc and a nucleon (N) is investigated by employing the HAL QCD method in the (2+1)-flavor lattice QCD on a (2.9fm)3 volume at mπ≃410,570,700 MeV. We study the central potential in S01 channel as well as central and tensor potentials in S13−3D1 channel, and find that the tensor potential for ΛcN is negligibly weak and central potentials in both S01 and S13−3D1 channels are almost identical with each other except at short distances. Phase shifts and scattering lengths calculated with these potentials show that the interaction of ΛcN system is attractive and has a similar strength in S01 and S13 channels at low energies (i.e. the kinetic energy less than about 40 MeV). While the attractions are not strong enough to form two-body bound states, our results lead to a possibility to form Λc hypernuclei for sufficiently large atomic numbers (A). To demonstrate this, we derive a single-folding potential for Λc hypernuclei from the Λc-nucleon potential obtained in lattice QCD, and find that Λc hypernuclei can exist for A≥12 with the binding energies of a few MeV. We also estimate the Coulomb effect for the Λc hypernuclei.}
}


@article{Acharya_2024,
	title={Measurements of Chemical Potentials in Pb-Pb Collisions at 
	<mml:math xmlns:mml="http://www.w3.org/1998/Math/MathML" display="inline"><mml:mrow><mml:msqrt><mml:mrow><mml:msub><mml:mrow><mml:mi>s</mml:mi></mml:mrow><mml:mrow><mml:mi>NN</mml:mi></mml:mrow></mml:msub></mml:mrow></mml:msqrt><mml:mo>=</mml:mo><mml:mn>5.02</mml:mn><mml:mtext> </mml:mtext><mml:mtext> </mml:mtext><mml:mi>TeV</mml:mi></mml:mrow></mml:math>},
	volume={133},
	ISSN={1079-7114},
	url={http://dx.doi.org/10.1103/PhysRevLett.133.092301},
	DOI={10.1103/physrevlett.133.092301},
	number={9},
	journal={Physical Review Letters},
	publisher={American Physical Society (APS)},
	author={Acharya, S. and Adamová, D. and Aglieri Rinella, G. and Aglietta, L. and Agnello, M. and Agrawal, N. and Ahammed, Z. and Ahmad, S. and Ahn, S. U. and Ahuja, I. and Akindinov, A. and Al-Turany, M. and Aleksandrov, D. and Alessandro, B. and Alfanda, H. M. and Alfaro Molina, R. and Ali, B. and Alici, A. and Alizadehvandchali, N. and Alkin, A. and Alme, J. and Alocco, G. and Alt, T. and Altamura, A. R. and Altsybeev, I. and Alvarado, J. R. and Anaam, M. N. and Andrei, C. and Andreou, N. and Andronic, A. and Andronov, E. and Anguelov, V. and Antinori, F. and Antonioli, P. and Apadula, N. and Aphecetche, L. and Appelshäuser, H. and Arata, C. and Arcelli, S. and Aresti, M. and Arnaldi, R. and Arneiro, J. G. M. C. A. and Arsene, I. C. and Arslandok, M. and Augustinus, A. and Averbeck, R. and Azmi, M. D. and Baba, H. and Badalà, A. and Bae, J. and Baek, Y. W. and Bai, X. and Bailhache, R. and Bailung, Y. and Bala, R. and Balbino, A. and Baldisseri, A. and Balis, B. and Banerjee, D. and Banoo, Z. and Barile, F. and Barioglio, L. and Barlou, M. and Barman, B. and Barnaföldi, G. G. and Barnby, L. S. and Barreau, E. and Barret, V. and Barreto, L. and Bartels, C. and Barth, K. and Bartsch, E. and Bastid, N. and Basu, S. and Batigne, G. and Battistini, D. and Batyunya, B. and Bauri, D. and Bazo Alba, J. L. and Bearden, I. G. and Beattie, C. and Becht, P. and Behera, D. and Belikov, I. and Bell Hechavarria, A. D. C. and Bellini, F. and Bellwied, R. and Belokurova, S. and Beltran, L. G. E. and Beltran, Y. A. V. and Bencedi, G. and Beole, S. and Berdnikov, Y. and Berdnikova, A. and Bergmann, L. and Besoiu, M. G. and Betev, L. and Bhaduri, P. P. and Bhasin, A. and Bhat, M. A. and Bhattacharjee, B. and Bianchi, L. and Bianchi, N. and Bielčík, J. and Bielčíková, J. and Bigot, A. P. and Bilandzic, A. and Biro, G. and Biswas, S. and Bize, N. and Blair, J. T. and Blau, D. and Blidaru, M. B. and Bluhme, N. and Blume, C. and Boca, G. and Bock, F. and Bodova, T. and Boi, S. and Bok, J. and Boldizsár, L. and Bombara, M. and Bond, P. M. and Bonomi, G. and Borel, H. and Borissov, A. and Borquez Carcamo, A. G. and Bossi, H. and Botta, E. and Bouziani, Y. E. M. and Bratrud, L. and Braun-Munzinger, P. and Bregant, M. and Broz, M. and Bruno, G. E. and Buckland, M. D. and Budnikov, D. and Buesching, H. and Bufalino, S. and Buhler, P. and Burmasov, N. and Buthelezi, Z. and Bylinkin, A. and Bysiak, S. A. and Cabanillas Noris, J. C. and Cai, M. and Caines, H. and Caliva, A. and Calvo Villar, E. and Camacho, J. M. M. and Camerini, P. and Canedo, F. D. M. and Cantway, S. L. and Carabas, M. and Carballo, A. A. and Carnesecchi, F. and Caron, R. and Carvalho, L. A. D. and Castillo Castellanos, J. and Catalano, F. and Cattaruzzi, S. and Ceballos Sanchez, C. and Cerri, R. and Chakaberia, I. and Chakraborty, P. and Chandra, S. and Chapeland, S. and Chartier, M. and Chattopadhyay, S. and Chattopadhyay, S. and Cheng, T. and Cheshkov, C. and Chibante Barroso, V. and Chinellato, D. D. and Chizzali, E. S. and Cho, J. and Cho, S. and Chochula, P. and Choudhury, D. and Christakoglou, P. and Christensen, C. H. and Christiansen, P. and Chujo, T. and Ciacco, M. and Cicalo, C. and Ciupek, M. R. and Clai, G. and Colamaria, F. and Colburn, J. S. and Colella, D. and Colocci, M. and Concas, M. and Conesa Balbastre, G. and Conesa del Valle, Z. and Contin, G. and Contreras, J. G. and Coquet, M. L. and Cortese, P. and Cosentino, M. R. and Costa, F. and Costanza, S. and Cot, C. and Crkovská, J. and Crochet, P. and Cruz-Torres, R. and Cui, P. and Dainese, A. and Danisch, M. C. and Danu, A. and Das, P. and Das, P. and Das, S. and Dash, A. R. and Dash, S. and De Caro, A. and de Cataldo, G. and de Cuveland, J. and De Falco, A. and De Gruttola, D. and De Marco, N. and De Martin, C. and De Pasquale, S. and Deb, R. and Del Grande, R. and Dello Stritto, L. and Deng, W. and Dhankher, P. and Di Bari, D. and Di Mauro, A. and Diab, B. and Diaz, R. A. and Dietel, T. and Ding, Y. and Ditzel, J. and Divià, R. and Dixit, D. U. and Djuvsland, Ø. and Dmitrieva, U. and Dobrin, A. and Dönigus, B. and Dubinski, J. M. and Dubla, A. and Dudi, S. and Dupieux, P. and Durkac, M. and Dzalaiova, N. and Eder, T. M. and Ehlers, R. J. and Eisenhut, F. and Ejima, R. and Elia, D. and Erazmus, B. and Ercolessi, F. and Espagnon, B. and Eulisse, G. and Evans, D. and Evdokimov, S. and Fabbietti, L. and Faggin, M. and Faivre, J. and Fan, F. and Fan, W. and Fantoni, A. and Fasel, M. and Feliciello, A. and Feofilov, G. and Fernández Téllez, A. and Ferrandi, L. and Ferrer, M. B. and Ferrero, A. and Ferrero, C. and Ferretti, A. and Feuillard, V. J. G. and Filova, V. and Finogeev, D. and Fionda, F. M. and Flatland, E. and Flor, F. and Flores, A. N. and Foertsch, S. and Fokin, I. and Fokin, S. and Fragiacomo, E. and Frajna, E. and Fuchs, U. and Funicello, N. and Furget, C. and Furs, A. and Fusayasu, T. and Gaardhøje, J. J. and Gagliardi, M. and Gago, A. M. and Gahlaut, T. and Galvan, C. D. and Gangadharan, D. R. and Ganoti, P. and Garabatos, C. and García Chávez, T. and Garcia-Solis, E. and Gargiulo, C. and Gasik, P. and Gautam, A. and Gay Ducati, M. B. and Germain, M. and Ghimouz, A. and Ghosh, C. and Giacalone, M. and Gioachin, G. and Giubellino, P. and Giubilato, P. and Glaenzer, A. M. C. and Glässel, P. and Glimos, E. and Goh, D. J. Q. and Gonzalez, V. and Gordeev, P. and Gorgon, M. and Goswami, K. and Gotovac, S. and Grabski, V. and Graczykowski, L. K. and Grecka, E. and Grelli, A. and Grigoras, C. and Grigoriev, V. and Grigoryan, S. and Grosa, F. and Grosse-Oetringhaus, J. F. and Grosso, R. and Grund, D. and Grunwald, N. A. and Guardiano, G. G. and Guernane, R. and Guilbaud, M. and Gulbrandsen, K. and Gündem, T. and Gunji, T. and Guo, W. and Gupta, A. and Gupta, R. and Gupta, R. and Gwizdziel, K. and Gyulai, L. and Hadjidakis, C. and Haider, F. U. and Haidlova, S. and Haldar, M. and Hamagaki, H. and Hamdi, A. and Han, Y. and Hanley, B. G. and Hannigan, R. and Hansen, J. and Harris, J. W. and Harton, A. and Hartung, M. V. and Hassan, H. and Hatzifotiadou, D. and Hauer, P. and Havener, L. B. and Hellbär, E. and Helstrup, H. and Hemmer, M. and Herman, T. and Herrera Corral, G. and Herrmann, F. and Herrmann, S. and Hetland, K. F. and Heybeck, B. and Hillemanns, H. and Hippolyte, B. and Hoffmann, F. W. and Hofman, B. and Hong, G. H. and Horst, M. and Horzyk, A. and Hou, Y. and Hristov, P. and Huhn, P. and Huhta, L. M. and Humanic, T. J. and Hutson, A. and Hutter, D. and Hwang, M. C. and Ilkaev, R. and Ilyas, H. and Inaba, M. and Innocenti, G. M. and Ippolitov, M. and Isakov, A. and Isidori, T. and Islam, M. S. and Ivanov, M. and Ivanov, M. and Ivanov, V. and Iversen, K. E. and Jablonski, M. and Jacak, B. and Jacazio, N. and Jacobs, P. M. and Jadlovska, S. and Jadlovsky, J. and Jaelani, S. and Jahnke, C. and Jakubowska, M. J. and Janik, M. A. and Janson, T. and Ji, S. and Jia, S. and Jimenez, A. A. P. and Jonas, F. and Jones, D. M. and Jowett, J. M. and Jung, J. and Jung, M. and Junique, A. and Jusko, A. and Kaewjai, J. and Kalinak, P. and Kalteyer, A. S. and Kalweit, A. and Karasu Uysal, A. and Karatovic, D. and Karavichev, O. and Karavicheva, T. and Karczmarczyk, P. and Karpechev, E. and Karwowska, M. J. and Kebschull, U. and Keidel, R. and Keijdener, D. L. D. and Keil, M. and Ketzer, B. and Khade, S. S. and Khan, A. M. and Khan, S. and Khanzadeev, A. and Kharlov, Y. and Khatun, A. and Khuntia, A. and Khuranova, Z. and Kileng, B. and Kim, B. and Kim, C. and Kim, D. J. and Kim, E. J. and Kim, J. and Kim, J. and Kim, J. and Kim, M. and Kim, S. and Kim, T. and Kimura, K. and Kirsch, S. and Kisel, I. and Kiselev, S. and Kisiel, A. and Kitowski, J. P. and Klay, J. L. and Klein, J. and Klein, S. and Klein-Bösing, C. and Kleiner, M. and Klemenz, T. and Kluge, A. and Kobdaj, C. and Kollegger, T. and Kondratyev, A. and Kondratyeva, N. and Konig, J. and Konigstorfer, S. A. and Konopka, P. J. and Kornakov, G. and Korwieser, M. and Koryciak, S. D. and Kotliarov, A. and Kovacic, N. and Kovalenko, V. and Kowalski, M. and Kozhuharov, V. and Králik, I. and Kravčáková, A. and Krcal, L. and Krivda, M. and Krizek, F. and Krizkova Gajdosova, K. and Kroesen, M. and Krüger, M. and Krupova, D. M. and Kryshen, E. and Kučera, V. and Kuhn, C. and Kuijer, P. G. and Kumaoka, T. and Kumar, D. and Kumar, L. and Kumar, N. and Kumar, S. and Kundu, S. and Kurashvili, P. and Kurepin, A. and Kurepin, A. B. and Kuryakin, A. and Kushpil, S. and Kuskov, V. and Kutyla, M. and Kweon, M. J. and Kwon, Y. and La Pointe, S. L. and La Rocca, P. and Lakrathok, A. and Lamanna, M. and Landou, A. R. and Langoy, R. and Larionov, P. and Laudi, E. and Lautner, L. and Lavicka, R. and Lea, R. and Lee, H. and Legrand, I. and Legras, G. and Lehrbach, J. and Lelek, T. M. and Lemmon, R. C. and León Monzón, I. and Lesch, M. M. and Lesser, E. D. and Lévai, P. and Li, X. and Liang-gilman, B. E. and Lien, J. and Lietava, R. and Likmeta, I. and Lim, B. and Lim, S. H. and Lindenstruth, V. and Lindner, A. and Lippmann, C. and Liu, D. H. and Liu, J. and Liveraro, G. S. S. and Lofnes, I. M. and Loizides, C. and Lokos, S. and Lömker, J. and Loncar, P. and Lopez, X. and López Torres, E. and Lu, P. and Lugo, F. V. and Luhder, J. R. and Lunardon, M. and Luparello, G. and Ma, Y. G. and Mager, M. and Maire, A. and Majerz, E. M. and Makariev, M. V. and Malaev, M. and Malfattore, G. and Malik, N. M. and Malik, Q. W. and Malik, S. K. and Malinina, L. and Mallick, D. and Mallick, N. and Mandaglio, G. and Mandal, S. K. and Manko, V. and Manso, F. and Manzari, V. and Mao, Y. and Marcjan, R. W. and Margagliotti, G. V. and Margotti, A. and Marín, A. and Markert, C. and Martinengo, P. and Martínez, M. I. and Martínez García, G. and Martins, M. P. P. and Masciocchi, S. and Masera, M. and Masoni, A. and Massacrier, L. and Massen, O. and Mastroserio, A. and Matonoha, O. and Mattiazzo, S. and Matyja, A. and Mayer, C. and Mazuecos, A. L. and Mazzaschi, F. and Mazzilli, M. and Mdhluli, J. E. and Melikyan, Y. and Menchaca-Rocha, A. and Mendez, J. E. M. and Meninno, E. and Menon, A. S. and Meres, M. and Miake, Y. and Micheletti, L. and Mihaylov, D. L. and Mikhaylov, K. and Miśkowiec, D. and Modak, A. and Mohanty, B. and Khan, M. Mohisin and Molander, M. A. and Monira, S. and Mordasini, C. and Moreira De Godoy, D. A. and Morozov, I. and Morsch, A. and Mrnjavac, T. and Muccifora, V. and Muhuri, S. and Mulligan, J. D. and Mulliri, A. and Munhoz, M. G. and Munzer, R. H. and Murakami, H. and Murray, S. and Musa, L. and Musinsky, J. and Myrcha, J. W. and Naik, B. and Nambrath, A. I. and Nandi, B. K. and Nania, R. and Nappi, E. and Nassirpour, A. F. and Nath, A. and Nattrass, C. and Naydenov, M. N. and Neagu, A. and Negru, A. and Nekrasova, E. and Nellen, L. and Nepeivoda, R. and Nese, S. and Neskovic, G. and Nicassio, N. and Nielsen, B. S. and Nielsen, E. G. and Nikolaev, S. and Nikulin, S. and Nikulin, V. and Noferini, F. and Noh, S. and Nomokonov, P. and Norman, J. and Novitzky, N. and Nowakowski, P. and Nyanin, A. and Nystrand, J. and Oh, S. and Ohlson, A. and Okorokov, V. A. and Oleniacz, J. and Onnerstad, A. and Oppedisano, C. and Ortiz Velasquez, A. and Otwinowski, J. and Oya, M. and Oyama, K. and Pachmayer, Y. and Padhan, S. and Pagano, D. and Paić, G. and Paisano-Guzmán, S. and Palasciano, A. and Panebianco, S. and Park, H. and Park, H. and Park, J. and Parkkila, J. E. and Patley, Y. and Paul, B. and Paulino, M. M. D. M. and Pei, H. and Peitzmann, T. and Peng, X. and Pennisi, M. and Perciballi, S. and Peresunko, D. and Perez, G. M. and Pestov, Y. and Petrov, V. and Petrovici, M. and Pezzi, R. P. and Piano, S. and Pikna, M. and Pillot, P. and Pinazza, O. and Pinsky, L. and Pinto, C. and Pisano, S. and Płoskoń, M. and Planinic, M. and Pliquett, F. and Poghosyan, M. G. and Polichtchouk, B. and Politano, S. and Poljak, N. and Pop, A. and Porteboeuf-Houssais, S. and Pozdniakov, V. and Pozos, I. Y. and Pradhan, K. K. and Prasad, S. K. and Prasad, S. and Preghenella, R. and Prino, F. and Pruneau, C. A. and Pshenichnov, I. and Puccio, M. and Pucillo, S. and Pugelova, Z. and Qiu, S. and Quaglia, L. and Ragoni, S. and Rai, A. and Rakotozafindrabe, A. and Ramello, L. and Rami, F. and Rancien, T. A. and Rasa, M. and Räsänen, S. S. and Rath, R. and Rauch, M. P. and Ravasenga, I. and Read, K. F. and Reckziegel, C. and Redelbach, A. R. and Redlich, K. and Reetz, C. A. and Regules-Medel, H. D. and Rehman, A. and Reidt, F. and Reme-Ness, H. A. and Rescakova, Z. and Reygers, K. and Riabov, A. and Riabov, V. and Ricci, R. and Richter, M. and Riedel, A. A. and Riegler, W. and Riffero, A. G. and Ristea, C. and Rodriguez, M. V. and Rodríguez Cahuantzi, M. and Rodríguez Ramírez, S. A. and Røed, K. and Rogalev, R. and Rogochaya, E. and Rogoschinski, T. S. and Rohr, D. and Röhrich, D. and Rojas, P. F. and Rojas Torres, S. and Rokita, P. S. and Romanenko, G. and Ronchetti, F. and Rosano, A. and Rosas, E. D. and Roslon, K. and Rossi, A. and Roy, A. and Roy, S. and Rubini, N. and Ruggiano, D. and Rui, R. and Russek, P. G. and Russo, R. and Rustamov, A. and Ryabinkin, E. and Ryabov, Y. and Rybicki, A. and Rytkonen, H. and Ryu, J. and Rzesa, W. and Saarimaki, O. A. M. and Sadhu, S. and Sadovsky, S. and Saetre, J. and Šafařík, K. and Saha, P. and Saha, S. K. and Saha, S. and Sahoo, B. and Sahoo, R. and Sahoo, S. and Sahu, D. and Sahu, P. K. and Saini, J. and Sajdakova, K. and Sakai, S. and Salvan, M. P. and Sambyal, S. and Samitz, D. and Sanna, I. and Saramela, T. B. and Sarkar, D. and Sarma, P. and Sarritzu, V. and Sarti, V. M. and Sas, M. H. P. and Sawan, S. and Scapparone, E. and Schambach, J. and Scheid, H. S. and Schiaua, C. and Schicker, R. and Schlepper, F. and Schmah, A. and Schmidt, C. and Schmidt, H. R. and Schmidt, M. O. and Schmidt, M. and Schmidt, N. V. and Schmier, A. R. and Schotter, R. and Schröter, A. and Schukraft, J. and Schweda, K. and Scioli, G. and Scomparin, E. and Seger, J. E. and Sekiguchi, Y. and Sekihata, D. and Selina, M. and Selyuzhenkov, I. and Senyukov, S. and Seo, J. J. and Serebryakov, D. and Serkin, L. and Šerkšnytė, L. and Sevcenco, A. and Shaba, T. J. and Shabetai, A. and Shahoyan, R. and Shangaraev, A. and Sharma, B. and Sharma, D. and Sharma, H. and Sharma, M. and Sharma, S. and Sharma, S. and Sharma, U. and Shatat, A. and Sheibani, O. and Shigaki, K. and Shimomura, M. and Shin, J. and Shirinkin, S. and Shou, Q. and Sibiriak, Y. and Siddhanta, S. and Siemiarczuk, T. and Silva, T. F. and Silvermyr, D. and Simantathammakul, T. and Simeonov, R. and Singh, B. and Singh, B. and Singh, K. and Singh, R. and Singh, R. and Singh, R. and Singh, S. and Singh, V. K. and Singhal, V. and Sinha, T. and Sitar, B. and Sitta, M. and Skaali, T. B. and Skorodumovs, G. and Slupecki, M. and Smirnov, N. and Snellings, R. J. M. and Solheim, E. H. and Song, J. and Sonnabend, C. and Sonneveld, J. M. and Soramel, F. and Soto-hernandez, A. B. and Spijkers, R. and Sputowska, I. and Staa, J. and Stachel, J. and Stan, I. and Steffanic, P. J. and Stiefelmaier, S. F. and Stocco, D. and Storehaug, I. and Stratmann, P. and Strazzi, S. and Sturniolo, A. and Stylianidis, C. P. and Suaide, A. A. P. and Suire, C. and Sukhanov, M. and Suljic, M. and Sultanov, R. and Sumberia, V. and Sumowidagdo, S. and Szarka, I. and Szymkowski, M. and Taghavi, S. F. and Taillepied, G. and Takahashi, J. and Tambave, G. J. and Tang, S. and Tang, Z. and Tapia Takaki, J. D. and Tapus, N. and Tarasovicova, L. A. and Tarzila, M. G. and Tassielli, G. F. and Tauro, A. and Tavira García, A. and Tejeda Muñoz, G. and Telesca, A. and Terlizzi, L. and Terrevoli, C. and Thakur, S. and Thomas, D. and Tikhonov, A. and Tiltmann, N. and Timmins, A.R. and Tkacik, M. and Tkacik, T. and Toia, A. and Tokumoto, R. and Tomohiro, K. and Topilskaya, N. and Toppi, M. and Tork, T. and Torres, V. V. and Torres Ramos, A. G. and Trifiró, A. and Triolo, A. S. and Tripathy, S. and Tripathy, T. and Trogolo, S. and Trubnikov, V. and Trzaska, W. H. and Trzcinski, T. P. and Tumkin, A. and Turrisi, R. and Tveter, T. S. and Ullaland, K. and Ulukutlu, B. and Uras, A. and Urioni, M. and Usai, G. L. and Vala, M. and Valle, N. and van Doremalen, L. V. R. and van Leeuwen, M. and van Veen, C. A. and van Weelden, R. J. G. and Vande Vyvre, P. and Varga, D. and Varga, Z. and Vargas Torres, P. and Vasileiou, M. and Vasiliev, A. and Vázquez Doce, O. and Vazquez Rueda, O. and Vechernin, V. and Vercellin, E. and Vergara Limón, S. and Verma, R. and Vermunt, L. and Vértesi, R. and Verweij, M. and Vickovic, L. and Vilakazi, Z. and Villalobos Baillie, O. and Villani, A. and Vinogradov, A. and Virgili, T. and Virta, M. M. O. and Vislavicius, V. and Vodopyanov, A. and Volkel, B. and Völkl, M. A. and Voloshin, S. A. and Volpe, G. and von Haller, B. and Vorobyev, I. and Vozniuk, N. and Vrláková, J. and Wan, J. and Wang, C. and Wang, D. and Wang, Y. and Wang, Y. and Wegrzynek, A. and Weiglhofer, F. T. and Wenzel, S. C. and Wessels, J. P. and Wiechula, J. and Wikne, J. and Wilk, G. and Wilkinson, J. and Willems, G. A. and Windelband, B. and Winn, M. and Wright, J. R. and Wu, W. and Wu, Y. and Xiong, Z. and Xu, R. and Yadav, A. and Yadav, A. K. and Yalcin, S. and Yamaguchi, Y. and Yang, S. and Yano, S. and Yeats, E. R. and Yin, Z. and Yoo, I.-K. and Yoon, J. H. and Yu, H. and Yuan, S. and Yuncu, A. and Zaccolo, V. and Zampolli, C. and Zanone, F. and Zardoshti, N. and Zarochentsev, A. and Závada, P. and Zaviyalov, N. and Zhalov, M. and Zhang, B. and Zhang, C. and Zhang, L. and Zhang, M. and Zhang, S. and Zhang, X. and Zhang, Y. and Zhang, Z. and Zhao, M. and Zherebchevskii, V. and Zhi, Y. and Zhong, C. and Zhou, D. and Zhou, Y. and Zhu, J. and Zhu, Y. and Zugravel, S. C. and Zurlo, N.},
	year={2024},
	month=aug }


@article{collaboration_2010,
	title={Alignment of the ALICE Inner Tracking System with cosmic-ray tracks},
	volume={5},
	ISSN={1748-0221},
	url={http://dx.doi.org/10.1088/1748-0221/5/03/P03003},
	DOI={10.1088/1748-0221/5/03/p03003},
	number={03},
	journal={Journal of Instrumentation},
	publisher={IOP Publishing},
	author={collaboration, ALICE},
	year={2010},
	month=mar, pages={P03003–P03003} }



@book{Dellacasa:451098,
	author        = "Dellacasa, G and Ramello, L and Scalas, E and Sitta, M and
	Ahmad, N and Ahmad, S and Ahmad, T and Bari, W and Irfan, M
	and Zafar, M S and Mavromanolakis, G and Panagiotou, A D
	and Kalfas, K and Caliandro, R and Cozza, D and De Cataldo,
	G and Di Bari, D and Elia, D and Fini, R A and Fini, B and
	Ghidini, B and Lenti, V and Nappi, E and Navach, F and
	Posa, F and Corsi, F and De Venuto, D and Dinapoli, R and
	Grimaldi, A and Lisco, G and Marzocca, C and Monno, E and
	Li, X and Lu, S and Lü, Z and Sá Ben-Hao and Yuan, J and
	Zhou, J and Zhou, S and Zhu, X and Fanebust, K and
	Helstrup, H and Klovning, A and Lien, J A and Maeland, O A
	and Odland, O H and Röhrich, D and Rongved, R and
	Ullaland, K and Vestbø, A S and Behera, S N and Dubey, A K
	and Mahapatra, D P and Mohanty, B and Phatak, S C and
	Bloodworth, Ian J and Evans, D and Jones, G T and
	Jovanovic, P and Kinson, J B and Kirk, A and Villalobos
	Baillie, O and Vortruba, M F and Anselmo, F and Antonioli,
	P and Bari, G and Basile, M and Bellagamba, L and
	Boscherini, D and Bruni, A and Bruni, G and Cara Romeo, G
	and Cerron-Zeballos, E and Cindolo, F and Coppola, N and
	Corradi, M and De Pasquale, S and Falchieri, D and
	Gabrielli, A and Gandolfi, E and Giusti, P and
	Hatzifotiadou, D and Kim, N Y and Laurenti, G and
	Luvisetto, M L and Margotti, A and Masetti, M and Nania, R
	and Palmonari, F and Pesci, A and Pierella, F and Polini, A
	and Sartorelli, G and Semak, A A and Valenti, G and
	Williams, M C S and Zichichi, A and Bracinik, J and Cerny,
	V and Ftácnik, J",
	collaboration = "ALICE",
	title         = "{ALICE time projection chamber: Technical Design Report}",
	publisher     = "CERN",
	address       = "Geneva",
	series        = "Technical design report. ALICE",
	year          = "2000",
	url           = "https://cds.cern.ch/record/451098",
}



@article{Rohr_2012,
	doi = {10.1088/1742-6596/396/1/012044},
	url = {https://dx.doi.org/10.1088/1742-6596/396/1/012044},
	year = {2012},
	month = {dec},
	publisher = {},
	volume = {396},
	number = {1},
	pages = {012044},
	author = {Rohr, David and Gorbunov, Sergey and Szostak, Artur and Kretz, Matthias and Kollegger, Thorsten and Breitner, Timo and Alt, Torsten},
	title = {ALICE HLT TPC Tracking of Pb-Pb Events on GPUs},
	journal = {Journal of Physics: Conference Series},
	abstract = {The online event reconstruction for the ALICE experiment at CERN requires processing capabilities to process central Pb-Pb collisions at a rate of more than 200 Hz, corresponding to an input data rate of about 25 GB/s. The reconstruction of particle trajectories in the Time Projection Chamber (TPC) is the most compute intensive step. The TPC online tracker implementation combines the principle of the cellular automaton and the Kalman filter. It has been accelerated by the usage of graphics cards (GPUs). A pipelined processing allows to perform the tracking on the GPU, the data transfer, and the preprocessing on the CPU in parallel. In order for CPU pre- and postprocessing to keep step with the GPU the pipeline uses multiple threads. A splitting of the tracking in multiple phases searching for short local track segments first improves data locality and makes the algorithm suited to run on a GPU. Due to special optimizations this course of action is not second to a global approach. Because of non-associative floating-point arithmetic a binary comparison of GPU and CPU tracker is infeasible. A track by track and cluster by cluster comparison shows a concordance of 99.999%. With current hardware, the GPU tracker outperforms the CPU version by about a factor of three leaving the processor still available for other tasks.}
}

@article{ParticleDataGroup:2024cfk,
	author = "Navas, S. and others",
	collaboration = "Particle Data Group",
	title = "{Review of particle physics}",
	doi = "10.1103/PhysRevD.110.030001",
	journal = "Phys. Rev. D",
	volume = "110",
	number = "3",
	pages = "030001",
	year = "2024"
}

@article{PhysRevC.99.045208,
	title = {Charmed nuclei within a microscopic many-body approach},
	author = {Vida\~na, I. and Ramos, A. and Jim\'enez-Tejero, C. E.},
	journal = {Phys. Rev. C},
	volume = {99},
	issue = {4},
	pages = {045208},
	numpages = {10},
	year = {2019},
	month = {Apr},
	publisher = {American Physical Society},
	doi = {10.1103/PhysRevC.99.045208},
	url = {https://link.aps.org/doi/10.1103/PhysRevC.99.045208}
}
@article{Miller_2007,
	title={Glauber Modeling in High-Energy Nuclear Collisions},
	volume={57},
	ISSN={1545-4134},
	url={http://dx.doi.org/10.1146/annurev.nucl.57.090506.123020},
	DOI={10.1146/annurev.nucl.57.090506.123020},
	number={1},
	journal={Annual Review of Nuclear and Particle Science},
	publisher={Annual Reviews},
	author={Miller, Michael L. and Reygers, Klaus and Sanders, Stephen J. and Steinberg, Peter},
	year={2007},
	month=nov, pages={205–243} }


@article{modern_physics,
	title={Modern Nuclear Physics},
	ISSN={2198-7882 },
	year={2021},
	DOI={https://doi.org/10.1007/978-981-16-2289-2},
	journal={Springer Singapore},
	publisher={Springer Singapore},
	author={Alexandre Obertelli and Hiroyuki Sagawa},
}

@book{Rolandi:2008ujz,
	author = "Rolandi, Luigi and Riegler, Werner and Blum, Walter",
	title = "{Particle Detection with Drift Chambers}",
	doi = "10.1007/978-3-540-76684-1",
	isbn = "978-3-540-76683-4, 978-3-642-09538-2, 978-3-540-76684-1",
	publisher = "Springer",
	series = "Particle Acceleration and Detection",
	year = "2008"
}



@misc{onebosonexchangepotentialmodelapproach,
	title={The One-Boson-Exchange Potential Model Approach}, 
	author={J. J. de Swart and P. M. M. Maessen and TH. A. Rijken},
	year={1994},
	eprint={nucl-th/9405008},
	archivePrefix={arXiv},
	primaryClass={nucl-th},
	url={https://arxiv.org/abs/nucl-th/9405008}, 
}

@misc{Alice,
	title={ALICE}, 
	url={https://home.cern/science/experiments/alice        }, 
	author={Cern webpage},
}
@misc{Semprini,
	title={Fisica Subnucleare}, 
	author={Nicola Semprini Cesaro},
	year={2024},
	
}
@misc{Alicemuonspectometer,
	title={ALICE}, 
	url={https://alice-collaboration.web.cern.ch/menu_proj_items/Muon-Spect}, 
	journal={CERN Accelerating science},
	author={Cern webpage},
}

@article{yukawa,
	title={On the Interaction of Elementary Particles. I},
	author={Hideki YUKAWA},
	journal={Proceedings of the Physico-Mathematical Society of Japan. 3rd Series},
	volume={17},
	number={ },
	pages={48-57},
	year={1935},
	doi={10.11429/ppmsj1919.17.0_48}
}

@book{Peskin:1995ev,
	author = "Peskin, Michael E. and Schroeder, Daniel V.",
	title = "{An Introduction to quantum field theory}",
	doi = "10.1201/9780429503559",
	isbn = "978-0-201-50397-5, 978-0-429-50355-9, 978-0-429-49417-8",
	publisher = "Addison-Wesley",
	address = "Reading, USA",
	year = "1995"
}


@article{ALICE:2014sbxFs,
	author = "Abelev, Betty Bezverkhny and others",
	collaboration = "ALICE",
	title = "{Performance of the ALICE Experiment at the CERN LHC}",
	eprint = "1402.4476",
	archivePrefix = "arXiv",
	primaryClass = "nucl-ex",
	reportNumber = "CERN-PH-EP-2014-031",
	doi = "10.1142/S0217751X14300440",
	journal = "Int. J. Mod. Phys. A",
	volume = "29",
	pages = "1430044",
	year = "2014"
}


@article{Valcarce_2005,
	title={Quark-model study of few-baryon systems},
	volume={68},
	ISSN={1361-6633},
	url={http://dx.doi.org/10.1088/0034-4885/68/5/R01},
	DOI={10.1088/0034-4885/68/5/r01},
	number={5},
	journal={Reports on Progress in Physics},
	publisher={IOP Publishing},
	author={Valcarce, A and Garcilazo, H and Fernández, F and González, P},
	year={2005},
	month=mar, pages={965–1041} }

@inbook{Smit_2023, place={Cambridge}, series={Cambridge Lecture Notes in Physics}, title={Chiral symmetry}, booktitle={Introduction to Quantum Fields on a Lattice}, publisher={Cambridge University Press}, author={Smit, Jan}, year={2023}, pages={193–228}, collection={Cambridge Lecture Notes in Physics}} <div></div>
@inproceedings{Skands_2013,
	title={Introduction to QCD},
	url={http://dx.doi.org/10.1142/9789814525220_0008},
	DOI={10.1142/9789814525220_0008},
	booktitle={Searching for New Physics at Small and Large Scales},
	publisher={WORLD SCIENTIFIC},
	author={Skands, P.},
	year={2013},
	month=sep }

@article{DAVIDPOLITZER1974129,
	title = {Asymptotic freedom: An approach to strong interactions},
	journal = {Physics Reports},
	volume = {14},
	number = {4},
	pages = {129-180},
	year = {1974},
	issn = {0370-1573},
	doi = {https://doi.org/10.1016/0370-1573(74)90014-3},
	url = {https://www.sciencedirect.com/science/article/pii/0370157374900143},
	author = {H {David Politzer}},
	abstract = {The discovery of asymptotic freedom has opened up the possibility of extracting new sorts of detailed, dynamical consequences from a strongly interacting quantum field theory. The necessary tools - perturbation theory, the renormalization group, gauge theories, and the operator product expansion - are not new. To anyone familiar with these field theoretic approaches to strong interactions, the novel feature is a simple fact: there is a unique class of theories in which “the origin is an ultraviolet fixed point”. But the consequences are so exciting that it seemed appropriate to review these ideas as they reflect on each other. Many important applications of the renormalization group and the operator product expansion to hadronic physics are omitted; the emphasis here is on recent work based on asymptotically free field theories. No doubt, there are some developments so recent that they are not treated in this article. The discussion of the basic results concerning short distance behavior is informal, but, hopefully, accurate and complete. The specific applications are treated in varying detail.}
}

@article{baryon–nucleon-potential,
	title={A model of charmed baryon–nucleon potential and two- and three-body bound states with charmed baryon},
	volume={2016},
	ISSN={2050-3911},
	url={http://dx.doi.org/10.1093/ptep/ptv194},
	DOI={10.1093/ptep/ptv194},
	number={2},
	journal={Progress of Theoretical and Experimental Physics},
	publisher={Oxford University Press (OUP)},
	author={Maeda, Saori and Oka, Makoto and Yokota, Akira and Hiyama, Emiko and Liu, Yan-Rui},
	year={2016},
	month=feb, pages={023D02} }


@article{QCDPhase-Diagram,
	title={The QCD Phase Diagram and Equation of State},
	url={https://www.gauss-centre.eu/results/elementaryparticlephysics/the-qcd-phase-diagram-and-equation-of-state},
	journal={ELEMENTARY PARTICLE PHYSICS },
	author={Zoltán Fodor},
	year={2021},
	month=feb
}
@article{Andronic_2017,
	title={Hadron yields, the chemical freeze-out and the QCD phase diagram},
	volume={779},
	ISSN={1742-6596},
	url={http://dx.doi.org/10.1088/1742-6596/779/1/012012},
	DOI={10.1088/1742-6596/779/1/012012},
	journal={Journal of Physics: Conference Series},
	publisher={IOP Publishing},
	author={Andronic, A and Braun-Munzinger, P and Redlich, K and Stachel, J},
	year={2017},
	month=jan, pages={012012} }


@article{Andronic_2006,
	title={Hadron production in central nucleus–nucleus collisions at chemical freeze-out},
	volume={772},
	ISSN={0375-9474},
	url={http://dx.doi.org/10.1016/j.nuclphysa.2006.03.012},
	DOI={10.1016/j.nuclphysa.2006.03.012},
	number={3–4},
	journal={Nuclear Physics A},
	publisher={Elsevier BV},
	author={Andronic, A. and Braun-Munzinger, P. and Stachel, J.},
	year={2006},
	month=jun, pages={167–199} }


@phdthesis{amsdottorato9036,
	month = {March},
	title = {Production and nuclear modification factors of pions, kaons and protons in pp and AA collisions at the LHC},
	author = {Nicolo Jacazio},
	school = {alma},
	year = {2019},
	keywords = {Light-flavor spectra, ALICE, LHC, Time-Of-Flight, Machine Learning, Radial flow, Thermal model, Nuclear modification factor, TOF, PID, QGP},
	url = {http://amsdottorato.unibo.it/9036/}
}

@misc{heinz2004conceptsheavyionphysics,
	title={Concepts of Heavy-Ion Physics}, 
	author={Ulrich W. Heinz},
	year={2004},
	eprint={hep-ph/0407360},
	archivePrefix={arXiv},
	primaryClass={hep-ph},
	url={https://arxiv.org/abs/hep-ph/0407360}, 
}

@misc{EvolutionofcollisionsandQGP,
	title={Evolution of collisions and QGP}, 
	author={"Mattia"},
	url={https://particlesandfriends.wordpress.com/2016/10/14/evolution-of-collisions-and-qgp/#respond} 
}

@phdthesis{phdthesis,
	author = {Sarwar, Golam},
	year = {2018},
	month = {08},
	pages = {},
	school={},
	title = {Evolution of Perturbation in a Hydrodynamically Expanding System Formed in Relativistic Heavy Ion Collision},
	doi = {10.13140/RG.2.2.10003.53284}
}

@article{PhysRevD.27.140,
	title = {Highly relativistic nucleus-nucleus collisions: The central rapidity region},
	author = {Bjorken, J. D.},
	journal = {Phys. Rev. D},
	volume = {27},
	issue = {1},
	pages = {140--151},
	numpages = {0},
	year = {1983},
	publisher = {American Physical Society},
	doi = {10.1103/PhysRevD.27.140},
	url = {https://link.aps.org/doi/10.1103/PhysRevD.27.140}
}

@inproceedings{Botta:2017bwj,
	author = "Botta, Elena",
	collaboration = "ALICE",
	title = "{Particle identification performance at ALICE}",
	booktitle = "{5th Large Hadron Collider Physics Conference}",
	eprint = "1709.00288",
	archivePrefix = "arXiv",
	primaryClass = "nucl-ex",
	month = "9",
	year = "2017"
}

@techreport{CERN-LHCC-2015-001,
	title         = "{Technical Design Report for the Muon Forward Tracker}",
	reportNumber  = "CERN-LHCC-2015-001, ALICE-TDR-018",
	year          = "2015",
	url           = "https://cds.cern.ch/record/1981898",
}

@misc{becattini2009introductionstatisticalhadronizationmodel,
	title={An introduction to the Statistical Hadronization Model}, 
	author={F. Becattini},
	year={2009},
	eprint={0901.3643},
	archivePrefix={arXiv},
	primaryClass={hep-ph},
	url={https://arxiv.org/abs/0901.3643}, 
}

@article{PhysRevC.65.044901,
	title = {Chemical factors in canonical statistical models for relativistic heavy ion collisions},
	author = {Ker\"anen, A. and Becattini, F.},
	journal = {Phys. Rev. C},
	volume = {65},
	issue = {4},
	pages = {044901},
	numpages = {7},
	year = {2002},
	month = {Mar},
	publisher = {American Physical Society},
	doi = {10.1103/PhysRevC.65.044901},
	url = {https://link.aps.org/doi/10.1103/PhysRevC.65.044901}
}
@misc{biderman2023pythiasuiteanalyzinglarge,
	title={Pythia: A Suite for Analyzing Large Language Models Across Training and Scaling}, 
	author={Stella Biderman and Hailey Schoelkopf and Quentin Anthony and Herbie Bradley and Kyle O'Brien and Eric Hallahan and Mohammad Aflah Khan and Shivanshu Purohit and USVSN Sai Prashanth and Edward Raff and Aviya Skowron and Lintang Sutawika and Oskar van der Wal},
	year={2023},
	eprint={2304.01373},
	archivePrefix={arXiv},
	primaryClass={cs.CL},
	url={https://arxiv.org/abs/2304.01373}, 
}

@article{VANDERLEUN1982261,
	title = {The deuteron binding energy},
	journal = {Nuclear Physics A},
	volume = {380},
	number = {2},
	pages = {261-269},
	year = {1982},
	issn = {0375-9474},
	doi = {https://doi.org/10.1016/0375-9474(82)90105-1},
	url = {https://www.sciencedirect.com/science/article/pii/0375947482901051},
	author = {C. {Van Der Leun} and C. Alderliesten},
	keywords = {Nuclear reactions},
	abstract = {The 1H(n, γ)2H γ-ray energy has been measured relative to 48V and 144Ce γ-rays, which are both based on the gold standard for γ-ray energies. The ensuing deuteron binding energy, B(2H = 2224575 ± 9 eV, confirms (with higher accuracy) the value from one of two conflicting recent precision measurements. This value has been used to recalculate the energies of γ-rays from thermal-neutron capture in 2H, 12C, 13C and 14N, which serve as mass-based γ-ray energy standards.}
}

@article{Vovchenko_2019,
	title={Thermal-FIST: A package for heavy-ion collisions and hadronic equation of state},
	volume={244},
	ISSN={0010-4655},
	url={http://dx.doi.org/10.1016/j.cpc.2019.06.024},
	DOI={10.1016/j.cpc.2019.06.024},
	journal={Computer Physics Communications},
	publisher={Elsevier BV},
	author={Vovchenko, Volodymyr and Stoecker, Horst},
	year={2019},
	month=nov, pages={295–310} }

@article{PhysRevD.101.103007,
	title = {Hawking radiation from strange quark nuggets, relics of the QCD phase transition},
	author = {Sinha, Bikash},
	journal = {Phys. Rev. D},
	volume = {101},
	issue = {10},
	pages = {103007},
	numpages = {6},
	year = {2020},
	month = {May},
	publisher = {American Physical Society},
	doi = {10.1103/PhysRevD.101.103007},
	url = {https://link.aps.org/doi/10.1103/PhysRevD.101.103007}
}


@article{charm_hierarchy_in_the_statistical_hadronization_model,
	author = {Andronic, Anton and Braun-Munzinger, Peter and Köhler, Markus and Mazeliauskas, Aleksas and Redlich, Krzysztof and Stachel, J. and Vislavicius, Vytautas},
	year = {2021},
	month = {07},
	pages = {},
	title = {The multiple-charm hierarchy in the statistical hadronization model},
	volume = {2021},
	journal = {Journal of High Energy Physics},
	doi = {10.1007/JHEP07(2021)035}
}

@article{Snellings_2011,
	doi = {10.1088/1367-2630/13/5/055008},
	url = {https://dx.doi.org/10.1088/1367-2630/13/5/055008},
	year = {2011},
	month = {may},
	publisher = {},
	volume = {13},
	number = {5},
	pages = {055008},
	author = {Snellings, Raimond},
	title = {Elliptic flow: a brief review},
	journal = {New Journal of Physics},
	abstract = {One of the fundamental questions in the field of subatomic physics is the question of what happens to matter at extreme densities and temperatures as may have existed in the first microseconds after the Big Bang and exists, perhaps, in the core of dense neutron stars. The aim of heavy-ion physics is to collide nuclei at very high energies and thereby create such a state of matter in the laboratory. The experimental program began in the 1990s with collisions made available at the Brookhaven Alternating Gradient Synchrotron (AGS) and the CERN Super Proton Synchrotron (SPS), and continued at the Brookhaven Relativistic Heavy-Ion Collider (RHIC) with the maximum center-of-mass energies of , 17.2 and 200 GeV, respectively. Collisions of heavy ions at the unprecedented energy of 2.76 TeV recently became available at the LHC collider at CERN. In this review, I give a brief introduction to the physics of ultrarelativistic heavy-ion collisions and discuss the current status of elliptic flow measurements.}
}
@misc{kolb2003hydrodynamicdescriptionultrarelativisticheavyion,
	title={Hydrodynamic description of ultrarelativistic heavy-ion collisions}, 
	author={Peter F. Kolb and Ulrich Heinz},
	year={2003},
	eprint={nucl-th/0305084},
	archivePrefix={arXiv},
	primaryClass={nucl-th},
	url={https://arxiv.org/abs/nucl-th/0305084}, 
}
@article{Kolb_2000,
	title={Anisotropic transverse flow and the quark-hadron phase transition},
	volume={62},
	ISSN={1089-490X},
	url={http://dx.doi.org/10.1103/PhysRevC.62.054909},
	DOI={10.1103/physrevc.62.054909},
	number={5},
	journal={Physical Review C},
	publisher={American Physical Society (APS)},
	author={Kolb, Peter F. and Sollfrank, Josef and Heinz, Ulrich},
	year={2000},
	month=oct }

@misc{teaney2001hydrodynamicdescriptionheavyion,
	title={A Hydrodynamic Description of Heavy Ion Collisions at the SPS and RHIC}, 
	author={D. Teaney and J. Lauret and E. V. Shuryak},
	year={2001},
	eprint={nucl-th/0110037},
	archivePrefix={arXiv},
	primaryClass={nucl-th},
	url={https://arxiv.org/abs/nucl-th/0110037}, 
}

@article{heisemerg,
	author = {Miller, Arthur I.},
	title = {Werner Heisenberg and the Beginning of Nuclear Physics},
	journal = {Physics Today},
	volume = {38},
	number = {11},
	pages = {60-68},
	year = {1985},
	month = {11},
	abstract = {Great advances in science alter our view of the world. Galileo Galilei's theory of motion, Albert Einstein's theory of special relativity and Werner Heisenberg's invention of quantum mechanics, with its subsequent interpretation by Niels Bohr and Heisenberg himself, spring immediately to mind (figure 1). In exploring these episodes we must recognize that historical narrative without investigation of conceptual transformation is just chronology.},
	issn = {0031-9228},
	doi = {10.1063/1.880993},
	url = {https://doi.org/10.1063/1.880993},
	eprint = {https://pubs.aip.org/physicstoday/article-pdf/38/11/60/7420012/60\_1\_online.pdf},
}
@misc{quevedo2024cambridgelecturesstandardmodel,
	title={Cambridge Lectures on The Standard Model}, 
	author={Fernando Quevedo and Andreas Schachner},
	year={2024},
	eprint={2409.09211},
	archivePrefix={arXiv},
	primaryClass={hep-th},
	url={https://arxiv.org/abs/2409.09211}, 
}
@BOOK{Obertelli:346780,
	author       = {Obertelli, Alexandre and Sagawa, Hiroyuki},
	title        = {{M}odern nuclear physics : from fundamentals to frontiers},
	address      = {Singapore},
	publisher    = {Springer},
	reportid     = {GSI-2023-00829},
	isbn         = {9789811622915},
	series       = {UNITEXT for physics},
	pages        = {xv, 727 Seiten : Illustrationen, Diagramme},
	year         = {2021},
	keywords     = {Nuclear physics / Heavy ions / Particle acceleration /
	Elementary particles (Physics) / Quantum field theory /
	Nuclear fusion / Astrophysics},
	ddc          = {539.7},
	typ          = {PUB:(DE-HGF)3},
	doi          = {10.1007/978-981-16-2289-2_1},
	url          = {https://repository.gsi.de/record/346780},
}

@article{Cooper-Frye,
	author = {Oliinychenko, D. and Huovinen, P. and Petersen, H.},
	year = {2014},
	month = {12},
	pages = {},
	title = {Cooper-Frye Negative Contributions in a Coarse-Grained Transport Approach},
	volume = {599},
	journal = {Journal of Physics: Conference Series},
	doi = {10.1088/1742-6596/599/1/012017}
}
@article{sakata,
	author = {Low, Morris},
	year = {2007},
	month = {02},
	pages = {},
	title = {Shoichi Sakata: His Life, the Sakata Model and His Achievements},
	volume = {167},
	journal = {Progress of Theoretical Physics Supplement},
	doi = {10.1143/PTPS.167.1}
}


