@book{esempio1,
  author    = {John Doe},
  title     = {Guida a LaTeX},
  year      = {2020},
  publisher = {Editore Scientifico},
  address   = {Citt√† di Editore}
}

@article{esempio2,
  author  = {Jane Smith},
  title   = {LaTeX per la gestione delle bibliografie},
  journal = {Journal di Informatica},
  year    = {2018},
  volume  = {15},
  number  = {4},
  pages   = {123-130}
}

